\bibliographystyle{./IEEEtran}
\bibliography{./IEEEabrv,./IEEEexample}

% Interactive machine learning 


@inproceedings { wolberg1990multisurface,
  author = "W Wolberg and O Mangasarian",
  title = "Multisurface method of pattern separation for medical diagnosis applied to breast cytology,",
  pages = "9193--9196",
  month = "Dec",
  year = "1990",
  booktitle = "Proceedings of the National Academy of Sciences",
} 

% Interpretability
@article{InterpretDLModels,
author = {W. Samek and T. Wiegand and K. Müller},
year = {2017},
month = {10},
pages = {1-10},
title = {Explainable Artificial Intelligence: Understanding, Visualizing and Interpreting Deep Learning Models},
volume = {1},
journal = {ITU Journal: ICT Discoveries - Special Issue 1 - The Impact of Artificial Intelligence (AI) on Communication Networks and Services}
}

@article{RigorousIntretable,
title={Towards a rigorous science of interpretable machine learning},
year={2017},
url={https://arxiv.org/abs/1702.08608"},
author={Finale Doshi-Velez and Been Kim},
}

@INPROCEEDINGS{MakeMLInterpretable,
    author = {Alfredo Vellido and José D. Martín-Guerrero and Paulo J. G. Lisboa},
    title = {Making machine learning models interpretable},
    booktitle = {'In Proc. European Symposium on Artificial Neural Networks, Computational Intelligence and Machine Learning'},
    year = {2012},
}

% rank loss 
@incollection{RankLoss,
title = {Ranking Measures and Loss Functions in Learning to Rank},
author = {Chen, Wei and Tie-yan Liu and Yanyan Lan and Zhi-ming Ma and Li, Hang},
booktitle = {Advances in Neural Information Processing Systems 22},
editor = {Y. Bengio and D. Schuurmans and J. D. Lafferty and C. K. I. Williams and A. Culotta},
pages = {315--323},
year = {2009},
publisher = {Curran Associates, Inc.},
url = {http://papers.nips.cc/paper/3708-ranking-measures-and-loss-functions-in-learning-to-rank.pdf}
}


% Feature Selection 
@article{IntroToFS,
 author = {Guyon, Isabelle and Elisseeff, Andr{\'e}},
 title = {An Introduction to Variable and Feature Selection},
 journal = {J. Mach. Learn. Res.},
 issue_date = {3/1/2003},
 volume = {3},
 month = mar,
 year = {2003},
 issn = {1532-4435},
 pages = {1157--1182},
 numpages = {26},
 url = {http://dl.acm.org/citation.cfm?id=944919.944968},
 acmid = {944968},
 publisher = {JMLR.org},
} 

@article{Brown,
 author = {G. Brown and A. Pocock and M. Zhao and M. Luj\'{a}n},
 title = {Conditional Likelihood Maximisation: A Unifying Framework for Information Theoretic Feature Selection},
 journal = {J. Mach. Learn. Res.},
 issue_date = {3/1/2012},
 volume = {13},
 month = jan,
 year = {2012},
 issn = {1532-4435},
 pages = {27--66},
 numpages = {40},
 url = {http://dl.acm.org/citation.cfm?id=2188385.2188387},
 acmid = {2188387},
 publisher = {JMLR.org},
 keywords = {conditional likelihood, feature selection, mutual information},
} 

@INPROCEEDINGS{ReviewOfFS,
author={A. Jović and K. Brkić and N. Bogunović},
booktitle={2015 38th International Convention on Information and Communication Technology, Electronics and Microelectronics (MIPRO)},
title={A review of feature selection methods with applications},
year={2015},
pages={1200-1205},
keywords={data reduction;embedded systems;feature selection;pattern clustering;regression analysis;search problems;feature selection methods;FS methods;data pre-processing;data reduction;optimal feature subset;search strategies;regression tasks;classification;clustering;application aspects;standard filter;wrapper;embedded methods;hybrid approaches;Search problems;Filtering algorithms;Information filters;Accuracy;Classification algorithms;Clustering algorithms},
doi={10.1109/MIPRO.2015.7160458},
month={May},
}

@phdthesis{FSAlgo,
    title    = {Feature selection:  stability, algorithms, and evaluation},
    school   = {University of Surrey},
    author   = {P. Krzek},
    year     = {2008}, 
}

@article{MBforCL,
 author = {J. Pellet and A. Elisseeff},
 title = {Using Markov Blankets for Causal Structure Learning},
 journal = {J. Mach. Learn. Res.},
 issue_date = {6/1/2008},
 volume = {9},
 month = jun,
 year = {2008},
 issn = {1532-4435},
 pages = {1295--1342},
 url = {http://dl.acm.org/citation.cfm?id=1390681.1442776},
 publisher = {JMLR.org},
} 

@article{CausalFS, 
author = {I. Guyon and C. Aliferis and A. Elisseeff},
title={Causal Feature Selection},
year={2007},
url={http://www.clopinet.com/isabelle/Papers/causalFS.pdf}
}

% Causal Graphs
%@website{Pycausal,
%url={https://www.ccd.pitt.edu/tools/}
%s}

@article{HITON,
 author = {C. F. Aliferis and I. Tsamardinos and A. Statnikov},
 title = {HITON: a novel Markov Blanket algorithm for optimal variable selection},
 journal = {AMIA Symposium},
 year = {2003},
 url = {https://www.ncbi.nlm.nih.gov/pmc/articles/PMC1480117/},
} 

@article{GES,
 author = {Chickering, David Maxwell},
 title = {Optimal Structure Identification with Greedy Search},
 journal = {J. Mach. Learn. Res.},
 issue_date = {3/1/2003},
 volume = {3},
 month = {March},
 year = {2003},
 issn = {1532-4435},
 pages = {507--554},
 numpages = {48},
 url = {https://doi.org/10.1162/153244303321897717},
 doi = {10.1162/153244303321897717},
 acmid = {944933},
 publisher = {JMLR.org},
} 

@article{PCAlgo,
author={T. Le and T. Hoang and J. Li and L. Liu and H. Liu and S. Hu},
journal={IEEE/ACM Transactions on Computational Biology and Bioinformatics},
title={A fast PC algorithm for high dimensional causal discovery with multi-core PCs},
year={2018},
volume={},
number={},
pages={1-1},
keywords={Algorithm design and analysis;Gene expression;Inference algorithms;Microcomputers;Parallel processing;Runtime;Causal discovery;PC algorithm;Parallel computing;High dimensional data;Gene expression data;miRNA targets},
doi={10.1109/TCBB.2016.2591526},
ISSN={1545-5963},
month={},}

%Comparative Benchmarking of Causal Discovery Techniques
@article{MMHC,
 author = {Tsamardinos, Ioannis and Brown, Laura E. and Aliferis, Constantin F.},
 title = {The Max-min Hill-climbing Bayesian Network Structure Learning Algorithm},
 journal = {Mach. Learn.},
 issue_date = {October   2006},
 volume = {65},
 number = {1},
 month = oct,
 year = {2006},
 issn = {0885-6125},
 pages = {31--78},
 numpages = {48},
 url = {http://dx.doi.org/10.1007/s10994-006-6889-7},
 doi = {10.1007/s10994-006-6889-7},
 acmid = {1164587},
 publisher = {Kluwer Academic Publishers},
 address = {Hingham, MA, USA},
 keywords = {Bayesian networks, Graphical models, Structure learning},
}

@article{CPC,
  author    = {Joseph Ramsey and
               Jiji Zhang and
               Peter Spirtes},
  title     = {Adjacency-Faithfulness and Conservative Causal Inference},
  journal   = {CoRR},
  volume    = {abs/1206.6843},
  year      = {2012},
  url       = {http://arxiv.org/abs/1206.6843},
  archivePrefix = {arXiv},
  eprint    = {1206.6843},
  timestamp = {Mon, 13 Aug 2018 16:47:51 +0200},
  biburl    = {https://dblp.org/rec/bib/journals/corr/RamseyZS12},
  bibsource = {dblp computer science bibliography, https://dblp.org}
}

@article{ACPC,
 author = {Lemeire, Jan and Meganck, Stijn and Cartella, Francesco and Liu, Tingting},
 title = {Conservative Independence-based Causal Structure Learning in Absence of Adjacency Faithfulness},
 journal = {Int. J. Approx. Reasoning},
 issue_date = {December, 2012},
 volume = {53},
 number = {9},
 month = dec,
 year = {2012},
 issn = {0888-613X},
 pages = {1305--1325},
 numpages = {21},
 url = {http://dx.doi.org/10.1016/j.ijar.2012.06.004},
 doi = {10.1016/j.ijar.2012.06.004},
 acmid = {2397485},
 publisher = {Elsevier Science Inc.},
 address = {New York, NY, USA},
 keywords = {Bayesian networks, Causality, Faithfulness, Structure learning},
} 



% Evaluation
@ARTICLE{Evaluation,
author={H. Lam and E. Bertini and P. Isenberg and C. Plaisant and S. Carpendale},
journal={IEEE Transactions on Visualization and Computer Graphics},
title={Empirical Studies in Information Visualization: Seven Scenarios},
year={2012},
volume={18},
number={9},
pages={1520-1536},
keywords={data visualisation;empirical studies;information visualization;seven scenarios;visual data analysis;visual data reasoning;user performance evaluation;evaluating user experience;evaluating environments;evaluating communication;evaluating visualization algorithms;evaluating collaborative data analysis;visualization publications;Data visualization;Visualization;Data analysis;Encoding;Systematics;Taxonomy;Electronic mail;Information visualization;evaluation.},
doi={10.1109/TVCG.2011.279},
ISSN={1077-2626},
month={Sep.},}

@ARTICLE{Evaluation2,
author={T. Isenberg and P. Isenberg and J. Chen and M. Sedlmair and T. Möller},
journal={IEEE Transactions on Visualization and Computer Graphics},
title={A Systematic Review on the Practice of Evaluating Visualization},
year={2013},
volume={19},
number={12},
pages={2818-2827},
keywords={data visualisation;encoding;visualization evaluation;meta-level;coding scheme;IEEE visualization conference;IEEE information visualization;visual tools;requirements analyses;domain-specific work practices;Encoding;Data visualization;History;Systematics;Mathematical model;Encoding;Data visualization;History;Systematics;Mathematical model;information visualization;Evaluation;validation;systematic review;visualization;scientific visualization;Algorithms;Computer Graphics;Humans;Image Enhancement;Image Interpretation, Computer-Assisted;Imaging, Three-Dimensional;Information Storage and Retrieval;Pattern Recognition, Automated;Reproducibility of Results;Sensitivity and Specificity;User-Computer Interface},
doi={10.1109/TVCG.2013.126},
ISSN={1077-2626},
month={Dec},}

% Visualization Tools 
@article{InteractiveML,
  title={Interactive machine learning: letting users build classifiers},
  author={M. Ware and E. Frank and G. Holmes and M. Hall and I. Witten},
  journal={International Journal of Human-Computer Studies},
  year={2001},
  volume={55},
  issue={3},
  url={https://www.cs.waikato.ac.nz/~ml/publications/2000/00MW-etal-Interactive-ML.pdf}
}

@inproceedings{Crayon,
 author = {Fails, Jerry Alan and Olsen,Jr., Dan R.},
 title = {Interactive Machine Learning},
 booktitle = {Proceedings of the 8th International Conference on Intelligent User Interfaces},
 series = {IUI '03},
 year = {2003},
 isbn = {1-58113-586-6},
 location = {Miami, Florida, USA},
 pages = {39--45},
 numpages = {7},
 url = {http://doi.acm.org/10.1145/604045.604056},
 doi = {10.1145/604045.604056},
 acmid = {604056},
 publisher = {ACM},
 address = {New York, NY, USA},
} 

@inproceedings{ModelTracker,
  title={ModelTracker: Redesigning Performance Analysis Tools for Machine Learning},
  author={S. Amershi and D. Chickering and S. Drucker and B. Lee and P. Simard and J. Suh},
  booktitle={CHI},
  year={2015},
  url={http://saleemaamershi.com/papers/amershi.CHI2015.ModelTracker.pdf}
}

@article{ClassifyText,
author={F. Heimerl and S. Koch and H. Bosch and T. Ertl},
journal={IEEE Transactions on Visualization and Computer Graphics},
title={Visual Classifier Training for Text Document Retrieval},
year={2012},
volume={18},
number={12},
pages={2839-2848},
doi={10.1109/TVCG.2012.277},
ISSN={1077-2626},
month={Dec},}

@article{LogReg,
  title={RegressionExplorer: Interactive Exploration of Logistic Regression Models with Subgroup Analysis},
  author={Dennis Dingen and Marcel van 't Veer and Patrick Houthuizen and Eveline H. J. Mestrom and Hendrikus H. M. Korsten and Arthur R. A. Bouwman and Jarke J. van Wijk},
  journal={IEEE Transactions on Visualization and Computer Graphics},
  year={2018},
  volume={25},
  pages={246-255}
}

@ARTICLE{TopicModeling,
author={J. Choo and C. Lee and C. K. Reddy and H. Park},
journal={IEEE Transactions on Visualization and Computer Graphics},
title={UTOPIAN: User-Driven Topic Modeling Based on Interactive Nonnegative Matrix Factorization},
year={2013},
volume={19},
number={12},
pages={1992-2001},
ISSN={1077-2626},
month={Dec},}

@article{UnderstandingNN,
  title={Understanding Neural Networks Through Deep Visualization},
  author={J. Yosinski and J. Clune and A. Nguyen and T. Fuchs and H. Lipson},
  journal={CoRR},
  year={2015},
  volume={abs/1506.06579},
  url={http://yosinski.com/media/papers/Yosinski__2015__ICML_DL__Understanding_Neural_Networks_Through_Deep_Visualization__.pdf}
}

@article{RetainVis,
  author    = {Bum Chul Kwon and
               Min{-}Je Choi and
               Joanne Taery Kim and
               Edward Choi and
               Young Bin Kim and
               Soonwook Kwon and
               Jimeng Sun and
               Jaegul Choo},
  title     = {RetainVis: Visual Analytics with Interpretable and Interactive Recurrent
               Neural Networks on Electronic Medical Records},
  journal   = {CoRR},
  volume    = {abs/1805.10724},
  year      = {2018},
  url       = {http://arxiv.org/abs/1805.10724},
  archivePrefix = {arXiv},
  eprint    = {1805.10724},
  timestamp = {Mon, 13 Aug 2018 16:46:39 +0200},
  biburl    = {https://dblp.org/rec/bib/journals/corr/abs-1805-10724},
  bibsource = {dblp computer science bibliography, https://dblp.org}
}

@inproceedings{CNN,
  title={ReVACNN : Real-Time Visual Analytics for Convolutional Neural Network},
  author={Sung Gon Chung and Sangho Suh and Cheonbok Park and Kyeongpil Kang and Jaegul Choo and Bum Chul Kwon},
  year={2016}
}

@article{DQNViz,
author = {Wang, Junpeng and Gou, Liang and Shen, Han-Wei and Yang, Hao},
year = {2018},
month = {09},
pages = {1-1},
title = {DQNViz: A Visual Analytics Approach to Understand Deep Q-Networks},
volume = {PP},
journal = {IEEE Transactions on Visualization and Computer Graphics},
doi = {10.1109/TVCG.2018.2864504}
}

@article{HiddenANN,
  title={Visualizing the Hidden Activity of Artificial Neural Networks.},
  author={P. Rauber Yosinski and J. Clune and A. Nguyen and T. Fuchs and H. Lipson},
  journal={IEEE Transactions on Visualization and Computer Graphics},
  year={2017},
  month={Jan},
  pages={101-110},
  doi={10.1109/TVCG.2016.2598838},
  url={https://www.ncbi.nlm.nih.gov/pubmed/27875137}
}

@article{Prospector,
  title={Using Visual Analytics to Interpret Predictive Machine Learning Models},
  author={Josua Krause and Adam Perer and Enrico Bertini},
  journal={CoRR},
  year={2016},
  volume={abs/1606.05685}
}

@INPROCEEDINGS{iVisClassifier,
author={J. Choo and H. Lee and J. Kihm and H. Park},
booktitle={2010 IEEE Symposium on Visual Analytics Science and Technology},
title={iVisClassifier: An interactive visual analytics system for classification based on supervised dimension reduction},
year={2010},
pages={27-34},
month={Oct},}

@article{iPCA,
  title={iPCA: An Interactive System for PCA-based Visual Analytics},
  author={Dong Hyun Jeong and Caroline Ziemkiewicz and Brian D. Fisher and William Ribarsky and Remco Chang},
  journal={Comput. Graph. Forum},
  year={2009},
  volume={28},
  pages={767-774}
}

@INPROCEEDINGS{BaobabView,
author={S. van den Elzen and J. van Wijk},
booktitle={2011 IEEE Conference on Visual Analytics Science and Technology (VAST)},
title={BaobabView: Interactive construction and analysis of decision trees},
year={2011},
pages={151-160},
keywords={data visualisation;decision trees;interactive systems;BaobabView;interactive construction;domain expert;algorithmic support;scalable decision tree visualization;Data visualization;Decision trees;Histograms;Accuracy;Impurities;Algorithm design and analysis;Training;H.1.2 [Information Systems]: User/Machine Systems—Human Information Processing;H.2.8 [Database Management]: Database Applications—Data Mining;I.3.6 [Computer Graphics]: Methodology and Techniques—Interaction Techniques},
doi={10.1109/VAST.2011.6102453},
ISSN={},
month={Oct},}

@ARTICLE{Squares,
author={D. Ren and S. Amershi and B. Lee and J. Suh and J. D. Williams},
journal={IEEE Transactions on Visualization and Computer Graphics},
title={Squares: Supporting Interactive Performance Analysis for Multiclass Classifiers},
year={2017},
volume={23},
number={1},
pages={61-70},
keywords={data visualisation;learning (artificial intelligence);pattern classification;software performance evaluation;interactive performance analysis;multiclass classifier;machine learning;Squares;performance visualization;Performance analysis;Data models;Debugging;Analytical models;Data visualization;Measurement;Visualization;Performance analysis;classification;usable machine learning},
doi={10.1109/TVCG.2016.2598828},
ISSN={1077-2626},
month={Jan},}

@inproceedings{Tamagnini,
 author = {P. Tamagnini and J. Krause and A. Dasgupta and E. Bertini},
 title = {Interpreting Black-Box Classifiers Using Instance-Level Visual Explanations},
 booktitle = {Proceedings of the 2nd Workshop on Human-In-the-Loop Data Analytics},
 series = {HILDA'17},
 year = {2017},
 isbn = {978-1-4503-5029-7},
 location = {Chicago, IL, USA},
 pages = {6:1--6:6},
 articleno = {6},
 numpages = {6},
 url = {http://doi.acm.org/10.1145/3077257.3077260},
 doi = {10.1145/3077257.3077260},
 acmid = {3077260},
 publisher = {ACM},
 address = {New York, NY, USA},
 keywords = {classification, explanation, machine learning, visual analytics},
} 

% Visualing Feature Selection
@article{Guo,
 author = {D. Guo},
 title = {Coordinating Computational and Visual Approaches for Interactive Feature Selection and Multivariate Clustering},
 journal = {Information Visualization},
 issue_date = {December 2003},
 volume = {2},
 number = {4},
 month = Dec,
 year = {2003},
 issn = {1473-8716},
 pages = {232--246},
 numpages = {15},
 url = {http://dx.doi.org/10.1057/palgrave.ivs.9500053},
 doi = {10.1057/palgrave.ivs.9500053},
 publisher = {Palgrave Macmillan}
} 

@article{InteractiveDR,
title = {Interactive Dimensionality Reduction Through User-defined Combinations of Quality Metrics},
author = {S. J.Fernstad and J. Johansson},
journal={IEEE Transactions on Visualization and Computer Graphics},
year = {2009},
month = {Nov}
}

@article{INFUSE,
title = {INFUSE: Interactive Feature Selection for Predictive Modeling of
High Dimensional Data},
author = {J. Krause and A. Perer and E. Bertini},
journal={IEEE Transactions on Visualization and Computer Graphics},
year = {2014},
month = {Dec},
volume = {20}
}

@electronic{ keen, 
title     = "Keen",
url       = "http://keen.io"
}

@electronic{ pgmpy, 
title     = "PGMPY",
url       = "http://pgmpy.org/"
}









