@article{InterpretDLModels,
author = {W. Samek and T. Wiegand and K. Müller},
year = {2017},
month = {10},
pages = {1-10},
title = {Explainable Artificial Intelligence: Understanding, Visualizing and Interpreting Deep Learning Models},
volume = {1},
journal = {ITU Journal: ICT Discoveries - Special Issue 1 - The Impact of Artificial Intelligence (AI) on Communication Networks and Services}
}

@article{RigorousIntretable,
title={Towards a rigorous science of interpretable machine learning},
year={2017},
url={https://arxiv.org/abs/1702.08608"},
author={Finale Doshi-Velez and Been Kim},
}

@INPROCEEDINGS{MakeMLInterpretable,
    author = {Alfredo Vellido and José D. Martín-Guerrero and Paulo J. G. Lisboa},
    title = {Making machine learning models interpretable},
    booktitle = {'In Proc. European Symposium on Artificial Neural Networks, Computational Intelligence and Machine Learning'},
    year = {2012},
}

@INPROCEEDINGS{ReviewOfFS,
author={A. Jović and K. Brkić and N. Bogunović},
booktitle={2015 38th International Convention on Information and Communication Technology, Electronics and Microelectronics (MIPRO)},
title={A review of feature selection methods with applications},
year={2015},
pages={1200-1205},
keywords={data reduction;embedded systems;feature selection;pattern clustering;regression analysis;search problems;feature selection methods;FS methods;data preprocessing;data reduction;optimal feature subset;search strategies;regression tasks;classification;clustering;application aspects;standard filter;wrapper;embedded methods;hybrid approaches;Search problems;Filtering algorithms;Information filters;Accuracy;Classification algorithms;Clustering algorithms},
doi={10.1109/MIPRO.2015.7160458},
month={May},
}

@phdthesis{FSAlgo,
    title    = {Feature selection:  stability,
algorithms, and evaluation},
    school   = {University of Surrey},
    author   = {P. Krzek},
    year     = {2008}, %other attributes omitted
}

@article{MBforCL,
 author = {J. Pellet and A. Elisseeff},
 title = {Using Markov Blankets for Causal Structure Learning},
 journal = {J. Mach. Learn. Res.},
 issue_date = {6/1/2008},
 volume = {9},
 month = jun,
 year = {2008},
 issn = {1532-4435},
 pages = {1295--1342},
 url = {http://dl.acm.org/citation.cfm?id=1390681.1442776},
 publisher = {JMLR.org},
} 

@article{CausalFS, 
author = {I. Guyon and C. Aliferis and A. Elisseeff},
title={Causal Feature Selection},
year={2007}
url={http://www.clopinet.com/isabelle/Papers/causalFS.pdf}
}

@website{Pycausal,
url={https://www.ccd.pitt.edu/tools/}
}

@article{HITON,
 author = {C. F. Aliferis and I. Tsamardinos and A. Statnikov},
 title = {HITON: a novel Markov Blanket algorithm for optimal variable selection},
 journal = {AMIA Symposium},
 year = {2003},
 url = {https://www.ncbi.nlm.nih.gov/pmc/articles/PMC1480117/},
} 

@article{GES,
 author = {Chickering, David Maxwell},
 title = {Optimal Structure Identification with Greedy Search},
 journal = {J. Mach. Learn. Res.},
 issue_date = {3/1/2003},
 volume = {3},
 month = {March},
 year = {2003},
 issn = {1532-4435},
 pages = {507--554},
 numpages = {48},
 url = {https://doi.org/10.1162/153244303321897717},
 doi = {10.1162/153244303321897717},
 acmid = {944933},
 publisher = {JMLR.org},
} 

@inproceedings{ModelTracker,
  title={ModelTracker: Redesigning Performance Analysis Tools for Machine Learning},
  author={S. Amershi and D. Chickering and S. Drucker and B. Lee and P. Simard and J. Suh},
  booktitle={CHI},
  year={2015},
  url={http://saleemaamershi.com/papers/amershi.CHI2015.ModelTracker.pdf}
}

@article{Yosinski,
  title={Understanding Neural Networks Through Deep Visualization},
  author={J. Yosinski and J. Clune and A. Nguyen and T. Fuchs and H. Lipson},
  journal={CoRR},
  year={2015},
  volume={abs/1506.06579},
  url={http://yosinski.com/media/papers/Yosinski__2015__ICML_DL__Understanding_Neural_Networks_Through_Deep_Visualization__.pdf}
}

@INPROCEEDINGS{BaobabView,
author={S. van den Elzen and J. van Wijk},
booktitle={2011 IEEE Conference on Visual Analytics Science and Technology (VAST)},
title={BaobabView: Interactive construction and analysis of decision trees},
year={2011},
pages={151-160},
keywords={data visualisation;decision trees;interactive systems;BaobabView;interactive construction;domain expert;algorithmic support;scalable decision tree visualization;Data visualization;Decision trees;Histograms;Accuracy;Impurities;Algorithm design and analysis;Training;H.1.2 [Information Systems]: User/Machine Systems—Human Information Processing;H.2.8 [Database Management]: Database Applications—Data Mining;I.3.6 [Computer Graphics]: Methodology and Techniques—Interaction Techniques},
doi={10.1109/VAST.2011.6102453},
ISSN={},
month={Oct},}

@inproceedings{Tamagnini,
 author = {P. Tamagnini and J. Krause and A. Dasgupta and E. Bertini},
 title = {Interpreting Black-Box Classifiers Using Instance-Level Visual Explanations},
 booktitle = {Proceedings of the 2nd Workshop on Human-In-the-Loop Data Analytics},
 series = {HILDA'17},
 year = {2017},
 isbn = {978-1-4503-5029-7},
 location = {Chicago, IL, USA},
 pages = {6:1--6:6},
 articleno = {6},
 numpages = {6},
 url = {http://doi.acm.org/10.1145/3077257.3077260},
 doi = {10.1145/3077257.3077260},
 acmid = {3077260},
 publisher = {ACM},
 address = {New York, NY, USA},
 keywords = {classification, explanation, machine learning, visual analytics},
} 

@article{Guo,
 author = {D. Guo},
 title = {Coordinating Computational and Visual Approaches for Interactive Feature Selection and Multivariate Clustering},
 journal = {Information Visualization},
 issue_date = {December 2003},
 volume = {2},
 number = {4},
 month = dec,
 year = {2003},
 issn = {1473-8716},
 pages = {232--246},
 numpages = {15},
 url = {http://dx.doi.org/10.1057/palgrave.ivs.9500053},
 doi = {10.1057/palgrave.ivs.9500053},
 publisher = {Palgrave Macmillan},
 keywords = {data mining and knowledge discovery, entropy, feature selection, hierarchical clustering, interactive visualization, mutual information},
} 

@article{InteractiveDR,
title = {Interactive Dimensionality Reduction Through User-defined Combinations of Quality Metrics},
author = {S. J.Fernstad and J. Johansson},
journal={IEEE Transactions on Visualization and Computer Graphics},
year = {2009},
month = {Nov}
}

@article{INFUSE,
title = {INFUSE: Interactive Feature Selection for Predictive Modeling of
High Dimensional Data},
author = {J. Krause and A. Perer and E. Bertini},
journal={IEEE Transactions on Visualization and Computer Graphics},
year = {2014},
month = {Dec},
volume = {20}
}










